@misc{AD623,
    author = {{Analog Devices}},
    title = {AD623},
    year = {1997--2018},
    howpublished = {Available at \url{https://www.analog.com/media/en/technical-documentation/data-sheets/ad623.pdf}},
    publisher = "Analog Devices"
}