@article{evolution_of_functional_hand_replacement,
    author = {Kevin J Zuo, Jaret L Olsen},
    title = {The evolution of functional hand replacement: From iron prostheses to hand transplantation},
    year = {2014},
    note = {Available at \url{https://ncbi.nlm.nih.gov/pmc/articles/PMC4128433/}},
    publisher = "Plastic surgery (Oakvile, Ont.)"
}

@inbook{natural_history,
    author = {Pliny the Elder},
    editor = {H. Rackham, W.H.S. Jones, D.E. Eichholz},
    title = {Pliny's Natural History},
    number = "7",
    chapter = "XXVIII",
    year = {1938},
    note = {Available at \url{https://web.archive.org/web/20161229101439/http://www.masseiana.org/pliny.htm}},
    publisher = {Harvard University Press},
}    

@article{historical_prostheses,
    author = {V. Putti},
    title = {Historical Prostheses},
    journal = {Journal of Hand Surgery},
    volume = {30},
    number = {3},
    pages = {310-325},
    year = {2005},
    doi = {10.1016/J.JHSB.2005.01.001},
    note = {Available at \url{https://doi.org/10.1016/J.JHSB.2005.01.001}},
}

@article{history_of_arm_amputation,
    author = {Robert H. Meier},
    title = {History of Arm Amputation, Prosthetic Restoration, and Arm Amputation Rehabilitation},
    year = {2004},
    note = {Available at \url{www.demoshealth.com/media/wysiwyg/pdf/Meier_01.pdf}},
    publisher = {New York: Demos Medical Publishing},
}

@book{sauerbrunch,
    title = {Die willk{\"u}rlich bewegbare k{\"u}nstliche Hand: eine Anleitung f{\"u}r Chirurgen und Techniker},
    author = {Sauerbrunch, Ferdinand and Stadler, Alfred and Felix, Walther and Ruge, Georg},
    volume = {1},
    year = {1916},
    publisher = {J. Springer}
}

@inproceedings{myoelectric,
    title = {Myoelectric control of prostheses: A brief history},
    author = {Scott, RN},
    booktitle = {Proceedings of the 1992 MyoElectric Controls/Powered Prosthetics Symposium, Frederiction, NB, Canada},
    volume = {1},
    year = {1992},
    note = {Available at \url{https://dukespace.lib.duke.edu/dspace/bitstream/handle/10161/4817/1992%20Myoelectric%20control%20of%20prostheses%20A%20brief%20history.pdf?sequence=1&isAllowed=y}},
}

@article{future_of_3d-printed_prosthetics,
    author = {Jonathan Schwartz},
    title = {The future of 3D-printed prosthetics},
    year = {2016},
    note = {Available at \url{http://tcrn.ch/28UZSu7}},
    publisher = "Tech Crunch"
}

@inproceedings{inproceedings,
    author = {Dally, Corinne and Johnson, Daniel and Canon, Moriah and Ritter, Sarah and Mehta, Khanjan},
    year = {2015},
    month = {10},
    pages = {66-70},
    title = {Characteristics of a 3D-printed prosthetic hand for use in developing countries},
    note = {Available at \url{https://www.researchgate.net/publication/285591609_Characteristics_of_a_3D-printed_prosthetic_hand_for_use_in_developing_countries}},
    doi = {10.1109/GHTC.2015.7343956}
}

@misc{MakeItFrom,
    title = {Material Properties Database},
    author = {MakeItFrom},
    howpublished = {Available at \url{https://www.makeitfrom.com/}},
    year = {2009},
}