@online{emg,
	title	= {Electromyography},
	url	= {https://en.wikipedia.org/wiki/Electromyography}
}

@online{decoding,
	title	= {Finger Motion Decoding Using EMG Signals Corresponding Various Arm Postures},
	url	= {https://www.ncbi.nlm.nih.gov/pmc/articles/PMC3214794/}
}

@online{eeg,
	title	= {What are Brainwaves?},
	url	= {https://brainworksneurotherapy.com/what-are-brainwaves}
}

@online{eegbuy,
	title	= {EEG Headset Prices â€“ An Overview of 15+ EEG Devices},
	url	= {https://imotions.com/blog/eeg-headset-prices/}
}

@online{delta,
	title	= {Delta wave},
	url	= {https://en.wikipedia.org/wiki/Delta_wave}
}

@online{theta,
	title	= {Theta wave},
	url	= {https://en.wikipedia.org/wiki/Theta_wave}
}

@online{alpha,
	title	= {Alpha wave},
	url	= {https://en.wikipedia.org/wiki/Alpha_wave}
}

@online{beta,
	title	= {Beta wave},
	url	= {https://en.wikipedia.org/wiki/Beta_wave}
}

@online{flow,
	title	= {Flow (psychology)},
	url	= {https://en.wikipedia.org/wiki/Flow_(psychology)#Conditions}
}

@online{isotonic,
	title	= {Isotonic Vs. Isometric Contraction},
	url	= {https://healthyliving.azcentral.com/isotonic-vs-isometric-contraction-10419.html}
}

@online{gamma,
	title	= {Gamma wave},
	url	= {https://en.wikipedia.org/wiki/Gamma_wave}
}

@online{mu,
	title	= {Mu wave},
	url	= {https://en.wikipedia.org/wiki/Mu_wave}
}
